@ARTICLE{Jakobi97evolutionaryrobotics,
    author = {Nick Jakobi},
    title = {Evolutionary robotics and the radical envelope-of-noise hypothesis},
    journal = {Adaptive Behavior},
    year = {1997},
    volume = {6},
    pages = {325-368}
}

@inproceedings{Jacobi1998,
    author = {Jacobi, Nick},
    title = {Running Across the Reality Gap: Octopod Locomotion Evolved in a Minimal Simulation},
    booktitle = {Proceedings of the First European Workshop on Evolutionary Robotics},
    year = {1998},
    isbn = {3-540-64957-3},
    pages = {39-58},
    numpages = {20},
    url = {http://dl.acm.org/citation.cfm?id=645403.651832},
    acmid = {651832},
    publisher = {Springer-Verlag},
    address = {London, UK},
} 
